@MISC{aether,
    HOWPUBLISHED = "\url{http://aether.lbl.gov/www/classes/p10/aristotle-physics.html}",
	TITLE="Aristotle's Physics",
	NOTE = "Accessed on 24-11-2017",
	}

@INBOOK{universe,
	AUTHOR="Alexander Bolonkin",
	TITLE="Universe, Human Immortality and Future Human Evaluation",
	PAGES="3",
	YEAR="2012",
	PUBLISHER="Elsevier Inc.",
}

@MISC{size,
HOWPUBLISHED = "\url{http://twistedsifter.com/2012/10/putting-the-size-of-the-observable-universe-in-perspective/}",
TITLE = "Putting the Size of the Observable Universe in Perspective",
NOTE = "Accessed on 24-11-2017",
}

@MISC{speed,
HOWPUBLISHED="\url{https://www.space.com/15830-light-speed.html}",
TITLE="How Fast Does Light Travel? | The Speed of Light",
NOTE="Accessed on 26-11-2017",2
}

@MISC{hubble,
HOWPUBLISHED="\url{http://m.esa.int/Our_Activities/Space_Science/Planck/Planck_reveals_an_almost_perfect_Universe}",
TITLE="Planck reveals an almost perfect Universe",
NOTE="Accessed on 26-11-2017",
}

@MISC{density,
HOWPUBLISHED="\url{https://map.gsfc.nasa.gov/universe/uni_matter.html}",
TITLE="What is the Universe Made Of?",
NOTE="Accessed on 26-11-2017"
}

@ARTICLE{tov,
TITLE="Constraining the Maximum Mass of Neutron Stars From Multi-Messenger Observations of GW170817",
AUTHOR="Ben Margalit, Brian Metzger",
YEAR="2017",
URL="http://adsabs.harvard.edu/abs/2017ApJ...850L..19M",
}

@MICS{limit,
HOWPUBLISHED="\url{http://www.pbs.org/wgbh/nova/blogs/physics/2012/01/the-chandrasekhar-limit-the-threshold-that-makes-life-possible/}",
TITLE="The Chandrasekhar Limit: The Threshold That Makes Life Possible",
NOTE="Accessed 29-11-2017",
}

@MISC{sbc,
HOWPUBLISHED="\url{https://physics.nist.gov/cgi-bin/cuu/Value?sigma}",
TITLE="Stefan-Boltzmann constant",
NOTE="Accessed 29-11-2017",
}

@MISC{critical,
HOWPUBLISHED="\url{http://www.astronomynotes.com/cosmolgy/s9.htm#A2.2}",
TITLE="Critical Density",
NOTE="Accessed on 29-11-2017",
}

@BOOK{tsokos,
AUTHOR="K.A. Tsokos",
TITLE="Physics Course Companion IB",
PUBLISHER="Cambridge",
YEAR="2014",
}