@BOOK{singh,
AUTHOR="S. Singh",
TITLE="The Code Book",
PUBLISHER="Random House",
YEAR="1999",
}

@MISC{rsa,
HOWPUBLISHED="\url{http://dictionary.sensagent.com/rsa\%20factoring\%20challenge/en-en/}",
TITLE="RSA Factoring Challenge",
NOTE="Accessed on November 24 2017",
}

@MISC{pi,
HOWPUBLISHED="\url{http://primes.utm.edu/howmany.html#pnt}",
TITLE="pi prime formula",
NOTE="Accessed on December 1 2017",
}

@MISC{wa,
HOWPUBLISHED="\url{https://www.wolframalpha.com}",
TITLE="Wolfram Alpha",
NOTE="Accessed on December 4 2017",
}

@MISC{gmp,
HOWPUBLISHED="\url{https://gmplib.org/}",
TITLE="GMP Library",
NOTE="Accessed on November 28 2017",
}

@MISC{github,
HOWPUBLISHED="\url{https://github.com/thecsw/rsa-ee}",
TITLE="My Github page with all the source code",
NOTE="Accessed on December 05 2017",
}

@MISC{Clang,
HOWPUBLISHED="\url{http://c-language.com/}",
TITLE="The C Language ",
NOTE="Accessed on January 02 2017",
}

@MISC{BunsenLabs,
HOWPUBLISHED="\url{https://www.bunsenlabs.org/}",
TITLE="BunsenLabs Linux",
NOTE="Accessed on December 05 2017",
}

@MISC{Debian,
HOWPUBLISHED="\url{https://www.debian.org/}",
TITLE="Debian is a free operating system (OS) for your computer.",
NOTE="Accessed on December 07 2017",
}