@BOOK{singh,
AUTHOR="S. Singh",
TITLE="The Code Book",
PUBLISHER="Random House",
YEAR="1999",
}

@INBOOK{itgs,
AUTHOR="Stuart Grey",
TITLE="Information Technology in a Global Society",
PAGE="107",
}

@MISC{enigma,
HOWPUBLISHED="\url{https://www.iwm.org.uk/history/how-alan-turing-cracked-the-enigma-code}",
TITLE="How Alan Turing Cracked The Enigma Code",
NOTE="Accessed November 10",
}

@MISC{blowfish,
HOWPUBLISHED="\url{https://www.schneier.com/academic/blowfish/}",
TITLE="The Blowfish Encryption Algorithm",
NOTE="Accessed November 22 2017"
}

@ARTICLE{rsapaper,
TITLE="A Method for Obtaining Digital Signatures and Public-Key Cryptosystems",
AUTHOR="R.L. Rivest and A. Shamir and L. Adleman",
YEAR="1977",
}

@MISC{xkcd,
HOWPUBLISHED="\url{https://www.xkcd.com/538/}",
TITLE="xkcd: Security",
NOTE="Accessed of December 4 2017",
}

@MISC{rsa,
HOWPUBLISHED="\url{http://dictionary.sensagent.com/rsa\%20factoring\%20challenge/en-en/}",
TITLE="RSA Factoring Challenge",
NOTE="Accessed on November 24 2017",
}

@MISC{pi,
HOWPUBLISHED="\url{http://primes.utm.edu/howmany.html#pnt}",
TITLE="pi prime formula",
NOTE="Accessed on December 1 2017",
}

@MISC{wa,
HOWPUBLISHED="\url{https://www.wolframalpha.com}",
TITLE="Wolfram Alpha",
NOTE="Accessed on December 4 2017",
}

@MISC{gmp,
HOWPUBLISHED="\url{https://gmplib.org/}",
TITLE="GMP Library",
NOTE="Accessed on November 28 2017",
}

@MISC{github,
HOWPUBLISHED="\url{https://github.com/thecsw/rsa-ee}",
TITLE="My Github page with all the source code",
NOTE="Accessed on December 05 2017",
}

@MISC{Clang,
HOWPUBLISHED="\url{http://c-language.com/}",
TITLE="The C Language ",
NOTE="Accessed on January 02 2017",
}

@MISC{BunsenLabs,
HOWPUBLISHED="\url{https://www.bunsenlabs.org/}",
TITLE="BunsenLabs Linux",
NOTE="Accessed on December 05 2017",
}

@MISC{Debian,
HOWPUBLISHED="\url{https://www.debian.org/}",
TITLE="Debian is a free operating system (OS) for your computer.",
NOTE="Accessed on December 07 2017",
}

@MISC{limit,
HOWPUBLISHED="\url{https://msdn.microsoft.com/en-us/library/7fh3a000.aspx}",
TITLE="Integer value limitation.",
NOTE="Accessed on December 12 2017",
}