@MISC{teenagers,
HOWPUBLISHED="\url{http://world.bymap.org/YoungPopulation.html}",
TITLE="Percentage of the population with an age under 15 for the countries of the world",
}

@MISC{hobbies,
HOWPUBLISHED="\url{https://www.statista.com/statistics/567238/france-hobbies-and-interests/}",
TITLE="Distribution of hobbies and interests in France 2016-2017",
}1