@MICS{apple, 
HOWPUBLISHED="\url{https://www.cbsnews.com/video/apples-massive-glitzy-new-headquarters/}",
TITLE="Apple's massive, glitzy new headquarters",
NOTE="Accessed 16-02-2018",
}
