@MISC{musk,
HOWPUBLISHED="\url{https://www.cnbc.com/2017/06/16/elon-musk-colonize-mars-before-extinction-event-on-earth.html}",
TITLE="Elon Musk thinks life on earth will go extinct, and is putting most of his fortune toward colonizing Mars",
NOTE="Accessed 14-02-18",
}

@MISC{sun,
HOWPUBLISHED="\url{https://www.universetoday.com/12648/will-earth-survive-when-the-sun-becomes-a-red-giant/}",
TITLE="Will Earth Survive When the Sun Becomes a Red Giant?",
NOTE="Accessed 14-02-18",
}

@MISC{twist,
HOWPUBLISHED="\url{https://www.nasa.gov/image-feature/goddard/2017/hubble-unravels-a-twisted-cosmic-knot}",
TITLE="Hubble Unravels a Twisted Cosmic Knot",
NOTE="Accessed 15-02-18",
}

@MISC{kepler,
HOWPUBLISHED="\url{https://www.nasa.gov/mission_pages/kepler/multimedia/images/kepler-47-art.html}",
TITLE="Sharing the Light of Two Suns",
NOTE="Accessed 15-02-18",
}

@MISC{hyg,
HOWPUBLISHED="\url{http://www.astronexus.com/hyg}",
TITLE="The HYG Database ",
NOTE="Accessed 15-02-18",
}

@MISC{github,
HOWPUBLISHED="\url{https://github.com/thecsw/pyhyg}",
TITLE="My Github Page with all the source code",
NOTE="Please see the repository named 'pyhyg' for the correct code",
}

@MISC{bc,
HOWPUBLISHED="\url{https://academic.oup.com/mnras/article/403/3/1592/1050826}",
TITLE="Bolometric correction and spectral energy distribution of cool stars in Galactic clusters",
NOTE="Accessed 16-02-18",
}

@BOOK{kaler,
TITLE="Stars and their spectra: An Introduction to the Spectral Sequence",
YEAR="1989",
PAGES="300",
AUTHOR="Kaler James B."}

@BOOK{habz,
TITLE="Astronomical Circumstances",
AUTHOR="Tom E. Morris",
PAGES="63",
YEAR="1999",
}