@MISC{teenagers,
HOWPUBLISHED="\url{http://world.bymap.org/YoungPopulation.html}",
TITLE="Pourcentage de la population âgée de moins de 15 ans pour les pays du monde.",
}

@MISC{hobbies,
HOWPUBLISHED="\url{https://www.statista.com/statistics/567238/france-hobbies-and-interests/}",
TITLE="Distribution de loisirs et d'intérêts en France 2016-2017.",
}

@MISC{horse,
HOWPUBLISHED="\url{http://www.foodbycountry.com/Kazakhstan-to-South-Africa/Kazakhstan.html}",
TITLE="Cuisine de Kazakhstan",
}

@MISC{france,
HOWPUBLISHED="\url{http://newsfeed.time.com/2013/02/15/french-refuse-to-abandon-love-for-horsemeat-even-as-britons-choke-on-scandal/}",
TITLE="La France et la viande de cheval",
}


