@MISC{aether,
	HOWPUBLISHED = "\url{http://aether.lbl.gov/www/classes/p10/aristotle-physics.html}",
    TITLE="Aristotle's Physics",
NOTE = "Accessed on 24-01-2018",
}

@MISC{time,
	HOWPUBLISHED = "\url{https://www.wired.com/2010/02/what-is-time/}",
    TITLE="Aristotle's Physics",
NOTE = "Accessed on 24-01-2018",
}

@MISC{zeta,
	HOWPUBLISHED = "\url{http://mathworld.wolfram.com/RiemannZetaFunction.html}",
    TITLE="Zeta Function",
NOTE = "Accessed on 26-01-2018",
}

@MISC{table,
	HOWPUBLISHED = "\url{http://www.rsc.org/periodic-table/}",
    TITLE="Periodic Table",
NOTE = "Accessed on 03-01-2018",
}

@MISC{hypot,
	HOWPUBLISHED = "\url{http://mathworld.wolfram.com/RiemannHypothesis.html}",
    TITLE="Riemann Hypothesis",
NOTE = "Accessed on 26-01-2018",
}

@MISC{toe,
HOWPUBLISHED = "\url{https://www.forbes.com/sites/quora/2018/01/10/what-does-the-theory-of-everything-really-mean-in-physics/#4c429e364bed}",
TITLE="What Does The 'Theory Of Everything' Really Mean In Physics?",
NOTE= "Accessed on 26-01-2018",
}

@MISC{bop,
HOWPUBLISHED = "\url{http://techhydra.com/science/physics/branches-of-physics/}",
TITLE = "Branches of Physics",
NOTE = "Accessed on 27-01-2018",
}

@INBOOK{tok,
    AUTHOR="Theory of Knowledge Course Companion",
    PUBLISHER="OXFORD UNIVERSITY PRESS",
    TITLE="Eileen Dombrowski, Lena Rotenberg, Mimi Beck",
    YEAR="2013",
    PAGES="336-337",
}

@ARTICLE{cods,
AUTHOR="Me",
TITLE="Convergence of Divergent Series, My Math Exploration Paper",
YEAR="2017",
PAGES="6, 11-12",
}