
@MISC{Invention},
HOWPUBLISHED = "\url{http://www-history.mcs.st-andrews.ac.uk/Quotations/Abel.html}",
TITLE="MacTutor History of Mathematics archive",
NOTE = "Accessed on 11-11-2017",
}

@INBOOK{Mettendo,
AUTHOR="Bagni Appunti",
TITLE="Analisi matematica",
YEAR="1978",
PAGES="185",
}

@MISC{Exnihilo,
HOWPUBLISHED = "\url{https://www.merriam-webster.com/dictionary/ex\%20nihilo}",
TITLE = "Merriam-Webster",
NOTE = "Accessed on 12-11-2017"
}

@INBOOK{Wolff,
AUTHOR="Christian Wolff",
TITLE="Acta Eruditorum",
YEAR="1712",
PAGES="143-146",
}

@MISC{Func,
HOWPUBLISHED = "\url{https://www.wolframalpha.com/input/?i=functional+equation}",
TITLE = "Wolfram Alpha (Functional Equation)",
NOTE = "Accessed on 29-11-2017"	
}

@INBOOK{Hardy,
AUTHOR="G. H. Hardy",
TITLE="Divergent Series",
PUBLISHER="Oxford", 
YEAR="1973",
PAGES="23",
}

@MISC{Bern,
HOWPUBLISHED = "\url{http://www.bernoulli.org/}",
TITLE = "The Bernoulli Number Page",
NOTE = "Accessed on 30-11-2017"
}

@MISC{BernSeq,
HOWPUBLISHED = "\url{https://www.wolframalpha.com/input/?i=Bernoulli+numbers}",
TITLE = "Wolfram Alpha (Bernoulli Numbers)",
NOTE = "Accessed on 30-11-2017"
}

@INBOOK{String,
AUTHOR="Joseph Polchinski",
TITLE="String Theory",
PUBLISHER=" Cambridge University Press",
YEAR="2005",
PAGES="22",
}

@MISC{Numberphile,
HOWPUBLISHED = "\url{www.youtube.com/watch?v=w-I6XTVZXww}",
TITLE = "ASTOUNDING: 1+2+3+4+5+...= -1/12",
NOTE = "Accessed on 30-11-2017"
}
@MISC{musk,
HOWPUBLISHED="\url{https://www.cnbc.com/2017/06/16/elon-musk-colonize-mars-before-extinction-event-on-earth.html}",
TITLE="Elon Musk thinks life on earth will go extinct, and is putting most of his fortune toward colonizing Mars",
NOTE="Accessed 14-02-18",
}

@MISC{sun,
HOWPUBLISHED="\url{https://www.universetoday.com/12648/will-earth-survive-when-the-sun-becomes-a-red-giant/}",
TITLE="Will Earth Survive When the Sun Becomes a Red Giant?",
NOTE="Accessed 14-02-18",
}

@MISC{twist,
HOWPUBLISHED="\url{https://www.nasa.gov/image-feature/goddard/2017/hubble-unravels-a-twisted-cosmic-knot}",
TITLE="Hubble Unravels a Twisted Cosmic Knot",
NOTE="Accessed 15-02-18",
}

@MISC{kepler,
HOWPUBLISHED="\url{https://www.nasa.gov/mission_pages/kepler/multimedia/images/kepler-47-art.html}",
TITLE="Sharing the Light of Two Suns",
NOTE="Accessed 15-02-18",
}

@MISC{hyg,
HOWPUBLISHED="\url{http://www.astronexus.com/hyg}",
TITLE="The HYG Database ",
NOTE="Accessed 15-02-18",
}

@MISC{github,
HOWPUBLISHED="\url{https://github.com/thecsw/pyhyg}",
TITLE="My Github Page with all the source code",
NOTE="Please see the repository named 'pyhyg' for the correct code",
}

@MISC{bc,
HOWPUBLISHED="\url{https://academic.oup.com/mnras/article/403/3/1592/1050826}",
TITLE="Bolometric correction and spectral energy distribution of cool stars in Galactic clusters",
NOTE="Accessed 16-02-18",
}

@MISC{wdlife,
HOWPUBLISHED="\url{https://imagine.gsfc.nasa.gov/science/objects/dwarfs1.html}",
TITLE="Bolometric correction and spectral energy distribution of cool stars in Galactic clusters",
NOTE="Accessed 16-02-18",
}


@BOOK{kaler,
TITLE="Stars and their spectra: An Introduction to the Spectral Sequence",
YEAR="1989",
PAGES="300",
AUTHOR="Kaler James B."}

@BOOK{habz,
TITLE="Astronomical Circumstances",
AUTHOR="Tom E. Morris",
PAGES="63",
YEAR="1999",
}

@BOOK{singh,
AUTHOR="S. Singh",
TITLE="The Code Book",
PUBLISHER="Random House",
YEAR="1999",
}

@INBOOK{itgs,
AUTHOR="Stuart Grey",
TITLE="Information Technology in a Global Society",
PAGE="107",
}

@MISC{enigma,
HOWPUBLISHED="\url{https://www.iwm.org.uk/history/how-alan-turing-cracked-the-enigma-code}",
TITLE="How Alan Turing Cracked The Enigma Code",
NOTE="Accessed November 10",
}

@MISC{blowfish,
HOWPUBLISHED="\url{https://www.schneier.com/academic/blowfish/}",
TITLE="The Blowfish Encryption Algorithm",
NOTE="Accessed November 22 2017"
}

@ARTICLE{rsapaper,
TITLE="A Method for Obtaining Digital Signatures and Public-Key Cryptosystems",
AUTHOR="R.L. Rivest and A. Shamir and L. Adleman",
YEAR="1977",
}

@MISC{xkcd,
HOWPUBLISHED="\url{https://www.xkcd.com/538/}",
TITLE="xkcd: Security",
NOTE="Accessed of December 4 2017",
}

@MISC{rsa,
HOWPUBLISHED="\url{http://dictionary.sensagent.com/rsa\%20factoring\%20challenge/en-en/}",
TITLE="RSA Factoring Challenge",
NOTE="Accessed on November 24 2017",
}

@MISC{pi,
HOWPUBLISHED="\url{http://primes.utm.edu/howmany.html#pnt}",
TITLE="pi prime formula",
NOTE="Accessed on December 1 2017",
}

@MISC{wa,
HOWPUBLISHED="\url{https://www.wolframalpha.com}",
TITLE="Wolfram Alpha",
NOTE="Accessed on December 4 2017",
}

@MISC{gmp,
HOWPUBLISHED="\url{https://gmplib.org/}",
TITLE="GMP Library",
NOTE="Accessed on November 28 2017",
}

@MISC{github,
HOWPUBLISHED="\url{https://github.com/thecsw/rsa-ee}",
TITLE="My Github page with all the source code",
NOTE="Accessed on December 05 2017",
}

@MISC{Clang,
HOWPUBLISHED="\url{http://c-language.com/}",
TITLE="The C Language ",
NOTE="Accessed on January 02 2017",
}

@MISC{BunsenLabs,
HOWPUBLISHED="\url{https://www.bunsenlabs.org/}",
TITLE="BunsenLabs Linux",
NOTE="Accessed on December 05 2017",
}

@MISC{Debian,
HOWPUBLISHED="\url{https://www.debian.org/}",
TITLE="Debian is a free operating system (OS) for your computer.",
NOTE="Accessed on December 07 2017",
}

@MISC{limit,
HOWPUBLISHED="\url{https://msdn.microsoft.com/en-us/library/7fh3a000.aspx}",
TITLE="Integer value limitation.",
NOTE="Accessed on December 12 2017",
}

@MISC{aether,
HOWPUBLISHED = "\url{http://aether.lbl.gov/www/classes/p10/aristotle-physics.html}",
TITLE="Aristotle's Physics",
NOTE = "Accessed on 24-01-2018",
}

@MISC{time,
HOWPUBLISHED = "\url{https://www.wired.com/2010/02/what-is-time/}",
TITLE="Aristotle's Physics",
NOTE = "Accessed on 24-01-2018",
}

@MISC{zeta,
HOWPUBLISHED = "\url{http://mathworld.wolfram.com/RiemannZetaFunction.html}",
TITLE="Zeta Function",
NOTE = "Accessed on 26-01-2018",
}

@MISC{table,
HOWPUBLISHED = "\url{http://www.rsc.org/periodic-table/}",
TITLE="Periodic Table",
NOTE = "Accessed on 03-01-2018",
}

@MISC{hypot,
HOWPUBLISHED = "\url{http://mathworld.wolfram.com/RiemannHypothesis.html}",
TITLE="Riemann Hypothesis",
NOTE = "Accessed on 26-01-2018",
}

@MISC{toe,
HOWPUBLISHED = "\url{https://www.forbes.com/sites/quora/2018/01/10/what-does-the-theory-of-everything-really-mean-in-physics/#4c429e364bed}",
TITLE="What Does The 'Theory Of Everything' Really Mean In Physics?",
NOTE= "Accessed on 26-01-2018",
}

@MISC{bop,
HOWPUBLISHED = "\url{http://techhydra.com/science/physics/branches-of-physics/}",
TITLE = "Branches of Physics",
NOTE = "Accessed on 27-01-2018",
}

@INBOOK{tok,
AUTHOR="Eileen Dombrowski, Lena Rotenberg, Mimi Beck",
PUBLISHER="OXFORD UNIVERSITY PRESS",
TITLE="Theory of Knowledge Course Companion",
YEAR="2013",
PAGES="336-337",
}

@ARTICLE{cods,
AUTHOR="Me",
TITLE="Convergence of Divergent Series, My Math Exploration Paper",
YEAR="2017",
PAGES="6, 11-12",
}